%%% Henrik Sopart, 836188, Latex-Projekt %%%%

% Quellen [Inhalt]
    % B체cher / Wissenschaftliche Arbeiten

    @book{TheSkyistheLimit?,
    author = {Przybilla, Heinz-J체rgen and Kersten, Thomas},
    year = {2020},
    month = {02},
    pages = {},
    title = {UAV 2020 - The Sky is the Limit? Schriftenreihe des DVW, Band 97, Beitr채ge zum 185. DVW-Seminar am 17. und 18. Februar 2020 in Hattingen},
    isbn = {978-3-95786-240-2}
    }

    @book{10.5555/559915,
    author = {Franklin, Gene F. and Powell, David J. and Emami-Naeini, Abbas},
    title = {Feedback Control of Dynamic Systems},
    year = {2001},
    isbn = {0130323934},
    publisher = {Prentice Hall PTR},
    address = {USA},
    edition = {4th},
    }

    @book{book,
    author = {Quan, Quan},
    year = {2017},
    month = {06},
    pages = {},
    title = {Introduction to Multicopter Design and Control},
    isbn = {978-981-10-3381-0},
    journal = {Introduction to Multicopter Design and Control},
    doi = {10.1007/978-981-10-3382-7}
    }

    @online{Stabilisation,
	title = {Digital Video Stabilization and Rolling Shutter Correction using Gyroscopes},
	url = {https://graphics.stanford.edu/papers/stabilization/karpenko_gyro.pdf},
	urldate = {2023-01-04},
    }


    % Webseiten und Datenbl채tter

    @online{Mavic3DJI,
	title = {Mavic 3 - Specs - DJI},
	url = {https://www.dji.com/mavic-3/specs},
	urldate = {2023-02-01},
    }

    @online{CPUDatenblatt,
	title = {STM32F765xx Datenblatt},
	url = {https://www.st.com/resource/en/datasheet/stm32f765zi.pdf},
	urldate = {2023-01-13},
    }

    @online{shon2022,
	author = {given-i=C., given=Charlie, family=Shon},
	date = {2022-01-23},
	title = {Ist es schwer, das Fliegen einer Drohne zu lernen?},
	url = {https://drones-camera.com/de/is-it-hard-to-learn-to-fly-a-drone/},
	urldate = {2023-01-17},
    }

    @online{FCZitat,
	title = {Flugsteuerung und Flight Controller | RCTech FPV Racing Equipment},
	url = {https://www.rctech.de/flugelektronik/fc-flugsteuerung.html},
	urldate = {2022-12-21},
    }

    @online{ChrisRosserYoutube,
	title = {Chris Rosser / YouTube},
	url = {https://www.youtube.com/@ChrisRosser/featured},
	urldate = {2022-12-28},
    }



% Bildquellen etc. [Kein Inhalt]
    
    @online{DJIAvatar,
	title = {Avata},
	url = {https://www.dji.com/avata},
	urldate = {2023-01-18},
    }

    @online{DJIFpv,
	title = {FPV - Redefine Flying},
	url = {https://www.dji.com/dji-fpv?site=brandsite},
	urldate = {2023-01-18},
    }

    @online{BildMavic3,
	author = {given-i=F., given=Foto-Erhardt, family=GmbH},
	title = {DJI Mavic 3 Fly More Combo},
	url = {https://www.foto-erhardt.de/video/drohnen/dji-mavic-3-fly-more-combo.html},
	urldate = {2022-12-21},
    }

    @online{BildFpv,
	author = {given-i=M., given=Meilon, family=GmbH},
	title = {HGLRC FPV Sector 5 V3 Freestyle Racing Drone Crossfire Nano 6S},
	url = {https://www.fpv24.com/de/hglrc/hglrc-fpv-sector-5-v3-freestyle-racing-drone-crossfire-nano},
	urldate = {2022-12-28},
    }

